% This file was created with JabRef 2.10.
% Encoding: UTF-8


@InCollection{Avino:2017,
  Title                    = {Detecting amino acid coevolution in homologous proteins with {B}ayesian graphical models},
  Author                   = {Avino, Mariano and Poon, Art F Y},
  Booktitle                = {Computational Methods in Protein Evolution},
  Publisher                = {Springer, New York},
  Year                     = {2018},
  Editor                   = {Sikosek, Tobias T},
  Note                     = {In press.},
  Pages                    = {444},
  Series                   = {Methods in Molecular Biology},
  Volume                   = {1851},

  Date-added               = {2017-10-02 16:23:36 +0000},
  Date-modified            = {2018-03-09 14:46:52 +0000},
  ISBN                     = {978-1-4939-8735-1},
  ISSN                     = {1064-3745},
  Journal                  = {Methods in Molecular Biology}
}

@Article{Brumme:2010,
  Title                    = {Identifying {HLA}-associated polymorphisms in {HIV}-1},
  Author                   = {Brumme, ZL and Poon, AFY and Carlson, JM and Walker, Bruce D},
  Journal                  = {HIV Molecular Immunology},
  Year                     = {2010},
  Pages                    = {1--14},
  Volume                   = {2011},

  Date-added               = {2017-08-11 17:08:10 +0000},
  Date-modified            = {2017-08-11 17:08:37 +0000}
}

@InCollection{Joy:2015,
  Title                    = {Origin and Evolution of Human Immunodeficiency Viruses},
  Author                   = {Joy, Jeffrey B and Liang, Richard H and Nguyen, T and McCloskey, Rosemary M and Poon, Art FY},
  Booktitle                = {Global Virology I-Identifying and Investigating Viral Diseases},
  Publisher                = {Springer},
  Year                     = {2015},
  Pages                    = {587--611},

  Date-added               = {2017-08-11 16:18:41 +0000},
  Date-modified            = {2017-08-11 16:18:42 +0000}
}

@InCollection{Kosakovsky-Pond:2009,
  Title                    = {Estimating selection pressures on alignments of coding sequences},
  Author                   = {{Kosakovsky Pond}, SL and Poon, AFY and Frost, SDW},
  Booktitle                = {The phylogenetic handbook: a practical approach to phylogenetic analysis and hypothesis testing},
  Publisher                = {Cambridge Univ. Press, Cambridge, UK},
  Year                     = {2009},
  Pages                    = {419--490},

  Date-added               = {2017-08-11 17:09:30 +0000},
  Date-modified            = {2017-08-11 17:09:30 +0000},
  Journal                  = {The phylogenetic handbook: a practical approach to phylogenetic analysis and hypothesis testing. Cambridge Univ. Press, Cambridge, UK}
}

