%% This BibTeX bibliography file was created using BibDesk.
%% http://bibdesk.sourceforge.net/

%% Created for Art Poon at 2017-08-11 13:19:58 -0400 


%% Saved with string encoding Unicode (UTF-8) 



@article{Kosakovsky-Pond:2009,
	Author = {Kosakovsky Pond, SL and Poon, AFY and Frost, SDW},
	Date-Added = {2017-08-11 17:09:30 +0000},
	Date-Modified = {2017-08-11 17:09:30 +0000},
	Journal = {The phylogenetic handbook: a practical approach to phylogenetic analysis and hypothesis testing. Cambridge Univ. Press, Cambridge, UK},
	Pages = {419--490},
	Title = {Estimating selection pressures on alignments of coding sequences},
	Year = {2009}}

@article{Brumme:2010,
	Author = {Brumme, ZL and Poon, AFY and Carlson, JM and Walker, Bruce D},
	Date-Added = {2017-08-11 17:08:10 +0000},
	Date-Modified = {2017-08-11 17:08:37 +0000},
	Journal = {HIV Molecular Immunology},
	Pages = {1--14},
	Title = {Identifying HLA-associated polymorphisms in HIV-1},
	Volume = {2011},
	Year = {2010}}

@incollection{Joy:2015,
	Author = {Joy, Jeffrey B and Liang, Richard H and Nguyen, T and McCloskey, Rosemary M and Poon, Art FY},
	Booktitle = {Global Virology I-Identifying and Investigating Viral Diseases},
	Date-Added = {2017-08-11 16:18:41 +0000},
	Date-Modified = {2017-08-11 16:18:42 +0000},
	Pages = {587--611},
	Publisher = {Springer},
	Title = {Origin and Evolution of Human Immunodeficiency Viruses},
	Year = {2015}}
