%% This BibTeX bibliography file was created using BibDesk.
%% http://bibdesk.sourceforge.net/


%% Created for Arthur Poon at 2017-09-18 22:34:19 -0400 


%% Saved with string encoding Unicode (UTF-8) 



@article{Jacka:2014a,
	Author = {Jacka, B and Applegate, T and Poon, AF and Harrigan, R and Dore, GJ and Olmstead, A and DeBeck, K and Milloy, M-J and Lamoury, F and Woods, C and others},
	Date-Added = {2017-09-19 02:32:20 +0000},
	Date-Modified = {2017-09-19 02:32:21 +0000},
	Journal = {Journal of Hepatology},
	Number = {1},
	Pages = {S324--S325},
	Publisher = {Elsevier},
	Title = {P762 TEMPORAL CHANGES IN HEPATITIS C VIRUS GENOTYPE 3A DISTRIBUTION AMONG PEOPLE WHO INJECT DRUGS IN VANCOUVER, CANADA},
	Volume = {60},
	Year = {2014}}

@inproceedings{Joy:2014,
	Author = {Joy, Jeffrey B and Liang, Richard H and Woods, Conan K and Shurgold, Susan and Colley, Guillaume and Brumme, Chanson J and Hogg, Robert S and Jacka, Brendan and Olmstead, Andrea and Grebely, Jason and Krajden, Mel and Montaner, Julio S G and Harrigan, P Richard and Poon, Art FY},
	Booktitle = {23rd Annual Canadian Conference on HIV/AIDS Research},
	Date-Added = {2017-09-19 02:30:02 +0000},
	Date-Modified = {2017-09-19 02:31:16 +0000},
	Title = {Genetic diversification and population level phylodynamic analysis of the British Columbia Human Immunodeficiency Virus (HIV) and Hepatitis C (HCV) epidemics},
	Year = {2014}}

@inproceedings{Lee:2014,
	Author = {Lee, Guinevere Q and Lachowski, Christopher and Martin, Eric and Charpentier, Charlotte and Rodriguez, Christophe and Visseaux, Benoit and Fagard, Catherine and Molin, Jean-Michel and Katlama, Christine and Yazdanpanah, Yazdan and others},
	Booktitle = {ANTIVIRAL THERAPY},
	Date-Added = {2017-09-19 02:29:29 +0000},
	Date-Modified = {2017-09-19 02:29:30 +0000},
	Organization = {INT MEDICAL PRESS LTD 2-4 IDOL LANE, LONDON EC3R 5DD, ENGLAND},
	Pages = {A79--A79},
	Title = {Comparison of 454 (Roche) versus MiSeq (Illumina) deep sequencing technologies in clinical samples from the (ANRS) 139 TRIO trial},
	Volume = {19},
	Year = {2014}}

@article{Olmstead:2014,
	Author = {Olmstead, Andrea and Montoya, Vincent and Joy, Jeffrey and Luo, Iris and Janjua, Naveed Z and Poon, Art and Jacka, Brendan and Lam-oury, Francois and Applegate, Tanya L and Grebely, Jason and others},
	Date-Added = {2017-09-19 02:28:30 +0000},
	Date-Modified = {2017-09-19 02:28:59 +0000},
	Journal = {Hepatology},
	Pages = {283A},
	Title = {Molecular sequencing and phylogenetics as enhanced surveillance tools for monitoring Hepatitis C virus transmission dynamics in British Columbia},
	Volume = {60},
	Year = {2014}}

@article{Jacka:2014,
	Author = {Jacka, Brendan and Poon, Art and Applegate, Tanya L and Krajden, Mel and Olmstead, Andrea and Harrigan, Richard and Marshall, Brandon D and Debeck, Kora and Milloy, Mj and Lamoury, Francois and others},
	Date-Added = {2017-09-19 02:27:49 +0000},
	Date-Modified = {2017-09-19 02:29:02 +0000},
	Journal = {Hepatology},
	Pages = {907A--908A},
	Title = {Hepatitis C virus network dynamics among people who inject drugs in Vancouver, Canada},
	Volume = {60},
	Year = {2014}}

@inproceedings{Olmstead:2015,
	Address = {Berlin, Germany},
	Author = {Olmstead, Andrea D and Montoya, Vincent and Joy, Jeffrey B and Poon, Art F and Jacka, Brendan and Lamoury, Francois and Applegate, Tanya L and Montaner, Julio S G and Khudyakov, Yury and Grebely, Jason and Cook, D and Harrigan, P Richard and Krajden, Mel},
	Booktitle = {15th International Symposium on Viral Hepatitis and Liver Diseases},
	Date-Added = {2017-09-19 02:25:51 +0000},
	Date-Modified = {2017-09-19 02:34:19 +0000},
	Title = {{P081: Birth cohort and risk factors in Hepatitis C patients recorded at the Sentinal Units Network in Argentina 2007-2014}},
	Year = {2015}}

@inproceedings{Olmstead:2014a,
	Author = {Olmstead, Andrea D and Krajden, Mel and Montoya, Vincent and Grebely, Jason and Poon, Art FY and Harrigan, P Richard and Joy, Jeffrey B},
	Booktitle = {49th annual meeting of the European Association for the Study of the Liver},
	Date-Added = {2017-09-19 02:24:04 +0000},
	Date-Modified = {2017-09-19 02:29:00 +0000},
	Title = {{Molecular phylogenetics of hepatitis C virus (HCV) as a tool to understand the HCV epidemic in British Columbia (BC), Canada}},
	Year = {2014}}

@inproceedings{Kinloch:2015,
	Author = {Kinloch, Natalie Nicole and Macmillan, Daniel R and Le, Anh Q and Cotton, Laura A and Mccloskey, Rosemary and Bangsberg, David R and Buchbinder, Susan and Carrington, Mary and Fuchs, Jonathan and Harrigan, P Richard and others},
	Booktitle = {JOURNAL OF THE INTERNATIONAL AIDS SOCIETY},
	Date-Added = {2017-09-19 02:22:31 +0000},
	Date-Modified = {2017-09-19 02:29:05 +0000},
	Organization = {INT AIDS SOCIETY AVENUE DE FRANCE 23, GENEVA, 1202, SWITZERLAND},
	Title = {Population-level spread of immune-driven mutations in HIV-1 polymerase during the North American epidemic},
	Volume = {18},
	Year = {2015}}

@inproceedings{Le:2015,
	Author = {Le, Anh and Taylor, Jeremy and Dong, Winnie and McCloskey, Rosemary and Woods, Conan and Hayashi, Kanna and Milloy, MJ and Harrigan, P Richard and Poon, Art FY and Brumme, Zabrina L},
	Booktitle = {JOURNAL OF THE INTERNATIONAL AIDS SOCIETY},
	Date-Added = {2017-09-19 02:22:13 +0000},
	Date-Modified = {2017-09-19 02:29:03 +0000},
	Organization = {INT AIDS SOCIETY AVENUE DE FRANCE 23, GENEVA, 1202, SWITZERLAND},
	Title = {Within-host evolution of X4 HIV-1 in a rare transmission pair revealed by phylogenetic reconstruction of deep-sequence data},
	Volume = {18},
	Year = {2015}}

@inproceedings{Joy:2015a,
	Author = {Joy, Jeffrey and Liang, Richard and McCloskey, Rosemary and Nguyen, Thuy and Brumme, Chanson and Colley, Guillaume and Hogg, Robert and Montaner, Julio and Harrigan, P Richard and Poon, Art},
	Booktitle = {JOURNAL OF THE INTERNATIONAL AIDS SOCIETY},
	Date-Added = {2017-09-19 02:21:38 +0000},
	Date-Modified = {2017-09-19 02:29:07 +0000},
	Organization = {INT AIDS SOCIETY AVENUE DE FRANCE 23, GENEVA, 1202, SWITZERLAND},
	Title = {Phylogenetically estimated HIV diversification rates reveal prevention of HIV-1 by antiretroviral therapy},
	Volume = {18},
	Year = {2015}}

@article{Joy:2015,
	Author = {Joy, Jeffrey B and Dong, Weiyan B and Chui, Celia B and Brumme, Chanson J and Poon, Art and Hew, Huong and Harrigan, Richard},
	Date-Added = {2017-09-19 02:20:57 +0000},
	Date-Modified = {2017-09-19 02:34:06 +0000},
	Journal = {Hepatology},
	Pages = {1102A--1103A},
	Title = {{Stability and prevalence of the NS3 Q80k polymorphism over time within Hcv genotype 1a infected patients in Canada}},
	Volume = {62},
	Year = {2015}}

@inproceedings{Joy:2017,
	Author = {Joy, J and Liang, R and Nguyen, T and McCloskey, R and Brenner, B and Lynch, T and Gill, J and Buller, J and Brumme, Z and Burchell, A and others},
	Booktitle = {JOURNAL OF THE INTERNATIONAL AIDS SOCIETY},
	Date-Added = {2017-09-19 01:43:46 +0000},
	Date-Modified = {2017-09-19 02:29:06 +0000},
	Organization = {INT AIDS SOCIETY AVENUE DE FRANCE 23, GENEVA, 1202, SWITZERLAND},
	Pages = {100--101},
	Title = {Phylodynamic insights into HIV epidemic dynamics within Canada},
	Volume = {20},
	Year = {2017}}

@inproceedings{Lamers:2010,
	Author = {Lamers, Susanna L and Fogel, Gary B and Huysentruyt, Leanne and Poon, Art and McGrath, Michael S},
	Booktitle = {Infectious Agents and Cancer},
	Date-Added = {2017-09-19 01:11:08 +0000},
	Date-Modified = {2017-09-19 02:33:18 +0000},
	Number = {S1},
	Organization = {Springer},
	Pages = {A77},
	Title = {{The HIV nef protein within ARL is genetically and structurally distinct from those in the brain of patients with HAD}},
	Volume = {5},
	Year = {2010}}

@article{Cotton:2012,
	Author = {Cotton, L and Chopera, D and Penney, K and Carlson, J and Martin, E and Le, A and Kuang, T and Walker, B and Fuchs, J and Buchbinder, S and others},
	Date-Added = {2017-09-18 20:49:28 +0000},
	Date-Modified = {2017-09-19 02:29:00 +0000},
	Journal = {Retrovirology},
	Number = {2},
	Pages = {P157},
	Publisher = {BioMed Central},
	Title = {Limited evidence for alterations in Gag-mediated HIV replication capacity over the course of the North American epidemic (1979-present)},
	Volume = {9},
	Year = {2012}}
