% Encoding: UTF-8
%% This BibTeX bibliography file was created using BibDesk.
%% http://bibdesk.sourceforge.net/


%% Created for Arthur Poon at 2018-08-26 22:26:48 -0400 


%% Saved with string encoding Unicode (UTF-8) 



@article{Avino:2017a,
	Author = {Avino, Mariano and Jones, Bradley R and Poon, Art F Y},
	Date-Added = {2017-11-22 14:12:11 +0000},
	Date-Modified = {2018-03-02 17:30:41 +0000},
	Journal = {Syst Biol},
	Note = {The first author is a postdoctoral associate in my lab. I helped Mariano conceive of and design the experiments, and I wrote the first implementation of the simulation code used in this study. I wrote about 50\% of the paper and generated roughly half of the figures},
	Title = {Tree shape-based approaches for the comparative study of cophylogeny},
	Year = {Submitted, August 10, 2018}}

@article{Avino:2017b,
	Author = {Avino, Mariano and Ndashimye, Emmanuel and Lizotte, Daniel J and Gibson, Richard M and Kityo, Cissy and Nabulime, Eva and Kyeyune, Fred and Nankya, Immaculate L and Qui{\~n}ones-Mateu, Miguel E and Arts, Eric J and Poon, Art F Y},
	Date-Added = {2017-11-22 14:12:53 +0000},
	Date-Modified = {2018-03-02 17:30:37 +0000},
	Journal = {In prep.},
	Note = {I assisted Mariano (postdoctoral associate) with next-generation sequence data processing, design of imputation strategies, and the interpretation of support vector machine outputs},
	Title = {Any single site counts: resistance-associated low-frequency variants in HIV integrase},
	Year = {2018}}

@Article{chindelevich2017network,
  author        = {Chindelevich, Leonid and Poon, Art FY and Colijn, Caroline},
  title         = {Network science inspires novel tree shape statistics},
  journal       = {Syst Biol},
  year          = {Submitted after revision, August 28, 2018},
  note          = {I developed and provided several of the virus sequence data sets that were analyzed in this collaborative study, and ran the kernel analyses of all data sets},
  date-added    = {2017-09-19 02:10:54 +0000},
  date-modified = {2017-09-19 02:11:57 +0000},
}

@Article{Ho:2018,
  author    = {Ho, Jasper and Ng, Garway T and Renaud, Mathias and Poon, Art F Y},
  title     = {\textit{sierra-local}: {A lightweight standalone application for secure HIV-1 drug resistance prediction}},
  journal   = {bioRxiv},
  year      = {2018},
  note      = {I conceived of and design the study, wrote the initial XML parser, supervised the three undergraduate students (Ho, Ng and Renaud) who implemented the code, and the introduction section of the manuscript},
  owner     = {art},
  timestamp = {2018.08.15},
}

@article{mann2017a-heterologous,
	Author = {Mann, Jamie FS and Klein, Katja and Pankrac, Joshua and Mckay, PF and King, DFL and Wijewardhana, CN and Biru, T and Canaday, DH and Avino, Mariano and Poon, Art FY and Gao, Y and Foster, C and Fidler, S and Shattock, RJ and Arts, Eric J},
	Date-Added = {2017-09-19 02:05:57 +0000},
	Date-Modified = {2018-01-24 21:42:54 +0000},
	Journal = {Science},
	Note = {I assisted Dr.~Avino in the analysis of next-generation sequence data from these experiments},
	Title = {{A heterologous activator vector vaccine (ACT-VEC) induces HIV-1 latency reversal in CD4+ T cells}},
	Year = {Revision after review, in progress}}

@Article{Olabode:2018,
  author    = {Olabode, Abayomi and Avino, Mariano and Ng, Garway and Abu-Sardanah, Faisal and Dick, David and Poon, Art},
  title     = {Evidence for a Recombinant Origin of {HIV}-1 group {M} from Genomic Variation},
  journal   = {Virus Evol},
  year      = {Minor revision requested, Sept 25, 2018},
  note      = {I conceived of and designed this study, led the collection of data sets, ran the Bayesian analysis and wrote about one-third of the manuscript. All authors are trainees in my lab},
  owner     = {art},
  timestamp = {2018.08.13},
}

@article{Olmstead:2018,
	Author = {Olmstead, Andrea D and Montoya, Vincent and Chui, Celia K and Joy, Jeffrey B and Tai, Vera and Dong, Winnie and Poon, Art F Y and Nguyen, Thuy and Brumme, Chanson J and Martinello, Marianne and Matthews, Gail V and Harrigan, P Richard and Dore, Gregory J and Applegate, Tanya L and Grebely, Jason and Howe, Anita Y M},
	Journal = {Infect Genet Evol},
	Note = {I designed the analytical pipeline used for characterizing the hepatitis C virus genotype composition of `deep sequencing' data sets for this study},
	Owner = {art},
	Timestamp = {2018.08.13},
	Title = {A systematic, deep sequencing-based methodology for the identification of mixed genotype hepatitis {C} virus infections},
	Year = {Submitted, August 15, 2018}}

@Article{Palmer:2018,
  author    = {Palmer, John and Poon, Art F Y},
  title     = {Phylogenetic measures of indel rate variation among the {HIV}-1 group {M} subtypes},
  journal   = {In prep},
  year      = {2018},
  note      = {I conceived of and designed this study, wrote about half of the Python and R scripts used in the analysis, and supervised John throughout the study as his undergraduate thesis advisor},
  owner     = {art},
  timestamp = {2018.08.15},
}

@article{poon2017first-line,
	Author = {Poon, Art FY and Ndashimye, Emmanuel and Avino, Mariano and Gibson, Richard M and Kyeyune, Fred and Nankya, Immaculate and Qui{\~n}ones-Mateu, Miguel E and Arts, Eric J},
	Date-Added = {2017-09-19 02:08:22 +0000},
	Date-Modified = {2018-08-27 02:04:12 +0000},
	Journal = {AIDS Res Ther},
	Note = {I performed all analyses of sequence and clinical data, wrote the manuscript and generated all figures},
	Title = {{First-line HIV treatment failures in non-B subtypes and recombinants: a cross-sectional analysis of multiple populations in Uganda}},
	Year = {Submitted, August 26, 2018}}

@Article{Solis-Reyes:2018,
  author    = {Solis-Reyes, Stephen and Avino, Mariano and Poon, Art and Kari, Lila},
  title     = {{An open-source k-mer based machine learning tool for fast and accurate subtyping of HIV-1 genomes}},
  journal   = {PLOS ONE},
  year      = {Resubmitted after revision, September 24, 2018},
  note      = {I directed the methods comparison component of this study, developed the simulation experiments, and wrote about 25\% of the manuscript},
  owner     = {art},
  timestamp = {2018.08.13},
}

@Comment{jabref-meta: databaseType:bibtex;}
